@article{bangash2017security,
  title={Security Issues and Challenges in Wireless Sensor Networks: A Survey.},
  author={Bangash, Yawar Abbas and Al-Salhi, Yahya EA and others},
  journal={IAENG International Journal of Computer Science},
  volume={44},
  number={2},
  year={2017}
}
@inproceedings{bull2016flow,
  title={Flow based security for IoT devices using an SDN gateway},
  author={Bull, Peter and Austin, Ron and Popov, Evgenii and Sharma, Mak and Watson, Richard},
  booktitle={Future Internet of Things and Cloud (FiCloud), 2016 IEEE 4th International Conference on},
  pages={157--163},
  year={2016},
  organization={IEEE}
}
@inproceedings{chakrabarty2015black,
  title={Black SDN for the Internet of Things},
  author={Chakrabarty, Shaibal and Engels, Daniel W and Thathapudi, Selina},
  booktitle={Mobile Ad Hoc and Sensor Systems (MASS), 2015 IEEE 12th International Conference on},
  pages={190--198},
  year={2015},
  organization={IEEE}
}
@inproceedings{flauzac2015sdn,
  title={SDN based architecture for IoT and improvement of the security},
  author={Flauzac, Olivier and Gonzalez, Carlos and Hachani, Abdelhak and Nolot, Florent},
  booktitle={Advanced Information Networking and Applications Workshops (WAINA), 2015 IEEE 29th International Conference on},
  pages={688--693},
  year={2015},
  organization={IEEE}
}
@inproceedings{greenstein2008improving,
  title={Improving wireless privacy with an identifier-free link layer protocol},
  author={Greenstein, Ben and McCoy, Damon and Pang, Jeffrey and Kohno, Tadayoshi and Seshan, Srinivasan and Wetherall, David},
  booktitle={Proceedings of the 6th international conference on Mobile systems, applications, and services},
  pages={40--53},
  year={2008},
  organization={ACM}
}
@article{kalkan2017securing,
  title={Securing internet of things (iot) with software defined networking (sdn)},
  author={Kalkan, Kubra and Zeadally, Sherali},
  journal={IEEE Communications Magazine},
  number={99},
  pages={1--7},
  year={2017},
  publisher={IEEE}
}
@inproceedings{karakaya2018survey,
  title={A survey on security threats and authentication approaches in wireless sensor networks},
  author={Karakaya, Aykut and Akleylek, Sedat},
  booktitle={Digital Forensic and Security (ISDFS), 2018 6th International Symposium on},
  pages={1--4},
  year={2018},
  organization={IEEE}
}
@inproceedings{nobakht2016host,
  title={A host-based intrusion detection and mitigation framework for smart home IoT using OpenFlow},
  author={Nobakht, Mehdi and Sivaraman, Vijay and Boreli, Roksana},
  booktitle={Availability, Reliability and Security (ARES), 2016 11th International Conference on},
  pages={147--156},
  year={2016},
  organization={IEEE}
}
@inproceedings{salman2016identity,
  title={Identity-based authentication scheme for the internet of things},
  author={Salman, Ola and Abdallah, Sarah and Elhajj, Imad H and Chehab, Ali and Kayssi, Ayman},
  booktitle={Computers and Communication (ISCC), 2016 IEEE Symposium on},
  pages={1109--1111},
  year={2016},
  organization={IEEE}
}
